[gd_scene load_steps=8 format=2]

[ext_resource path="res://scripts/enemies/Enemy.gd" type="Script" id=1]
[ext_resource path="res://spritesheets/enemy/package.png" type="Texture" id=2]
[ext_resource path="res://scenes/music/hit_sound.tscn" type="PackedScene" id=3]

[sub_resource type="SpriteFrames" id=1]
animations = [ {
"frames": [ ExtResource( 2 ) ],
"loop": true,
"name": "default",
"speed": 5.0
} ]

[sub_resource type="RectangleShape2D" id=2]
extents = Vector2( 13.5242, 10.647 )

[sub_resource type="CircleShape2D" id=3]
radius = 14.9129

[sub_resource type="CircleShape2D" id=4]
radius = 425.8

[node name="Box" type="KinematicBody2D" groups=[
"enemy",
"melee",
]]
collision_layer = 4
collision_mask = 0
script = ExtResource( 1 )
health = 50.0
max_health = 50.0
range_of_engage = 50.0
moveSpeed = 80.0

[node name="animated_sprite" type="AnimatedSprite" parent="."]
frames = SubResource( 1 )

[node name="collision" type="CollisionShape2D" parent="."]
shape = SubResource( 2 )

[node name="hitbox" type="Area2D" parent="."]

[node name="CollisionShape2D" type="CollisionShape2D" parent="hitbox"]
shape = SubResource( 3 )

[node name="fire_point" type="Position2D" parent="."]
position = Vector2( -10.3298, 0 )

[node name="player_detection_zone" type="Area2D" parent="."]

[node name="collision" type="CollisionShape2D" parent="player_detection_zone"]
shape = SubResource( 4 )

[node name="tween" type="Tween" parent="."]

[node name="hit_sound" parent="." instance=ExtResource( 3 )]
[connection signal="body_entered" from="player_detection_zone" to="." method="_on_PlayerDetectionZone_body_entered"]
[connection signal="tween_all_completed" from="tween" to="." method="_on_tween_all_completed"]
