[gd_scene load_steps=9 format=2]

[ext_resource path="res://scripts/enemies/Enemy.gd" type="Script" id=1]
[ext_resource path="res://spritesheets/enemy/smartphone_bullet.png" type="Texture" id=2]
[ext_resource path="res://scenes/music/hit_sound.tscn" type="PackedScene" id=3]
[ext_resource path="res://spritesheets/enemy/smartphone.png" type="Texture" id=5]

[sub_resource type="SpriteFrames" id=1]
animations = [ {
"frames": [ ExtResource( 5 ) ],
"loop": true,
"name": "default",
"speed": 5.0
} ]

[sub_resource type="RectangleShape2D" id=2]
extents = Vector2( 7.58527, 14.2106 )

[sub_resource type="CircleShape2D" id=5]
radius = 9.64527

[sub_resource type="CircleShape2D" id=4]
radius = 474.253

[node name="Smartphone" type="KinematicBody2D" groups=[
"enemy",
"ranged",
]]
collision_layer = 4
collision_mask = 0
script = ExtResource( 1 )
health = 40.0
max_health = 40.0
range_of_engage = 170.0
moveSpeed = 20.0
bullet_sprite = ExtResource( 2 )

[node name="animated_sprite" type="AnimatedSprite" parent="."]
scale = Vector2( 0.497736, 0.482234 )
frames = SubResource( 1 )

[node name="collision" type="CollisionShape2D" parent="."]
position = Vector2( 0.297302, -0.520279 )
shape = SubResource( 2 )

[node name="hitbox" type="Area2D" parent="."]

[node name="collision" type="CollisionShape2D" parent="hitbox"]
shape = SubResource( 5 )

[node name="fire_point" type="Position2D" parent="."]
position = Vector2( -0.0887127, 0.0303804 )

[node name="player_detection_zone" type="Area2D" parent="."]

[node name="collision" type="CollisionShape2D" parent="player_detection_zone"]
shape = SubResource( 4 )

[node name="tween" type="Tween" parent="."]

[node name="hit_sound" parent="." instance=ExtResource( 3 )]
[connection signal="body_entered" from="player_detection_zone" to="." method="_on_PlayerDetectionZone_body_entered"]
[connection signal="tween_all_completed" from="tween" to="." method="_on_tween_all_completed"]
